@inproceedings{anastasiou2019normal,
  title={Normal approximation for stochastic gradient descent
    via non-asymptotic rates of martingale {CLT}},
  author={Anastasiou, Andreas and Balasubramanian, Krishnakumar
    and Erdogdu, Murat A},
  booktitle={Conference on Learning Theory},
  pages={115--137},
  year={2019},
  organization={Proceedings of Machine Learning Research}
}

@article{atchade2014martingale,
  title={A martingale decomposition for quadratic forms of {Markov}
    chains (with applications)},
  author={Atchad{\'e}, Yves F and Cattaneo, Matias D},
  journal={Stochastic Processes and their Applications},
  volume={124},
  number={1},
  pages={646--677},
  year={2014},
  publisher={Elsevier}
}

@article{berthet2006revisiting,
  title={Revisiting two strong approximation results
    of {Dudley} and {Philipp}},
  author={Berthet, Philippe and Mason, David M},
  journal={Lecture Notes--Monograph Series},
  pages={155--172},
  year={2006},
  publisher={Institute of Mathematical Statistics}
}

@article{belloni2015some,
  title={Some new asymptotic theory for least squares series:
    Pointwise and uniform results},
  author={Belloni, Alexandre and Chernozhukov, Victor
    and Chetverikov, Denis and Kato, Kengo},
  journal={Journal of Econometrics},
  volume={186},
  number={2},
  pages={345--366},
  year={2015},
  publisher={Elsevier}
}

@article{belloni2018high,
  title={A high dimensional central limit theorem for martingales,
    with applications to context tree models},
  author={Belloni, Alexandre and Oliveira, Roberto I},
  journal={arXiv preprint arXiv:1809.02741},
  year={2018}
}

@article{cattaneo2024uniform,
  title={Uniform Inference for Kernel Density Estimators with Dyadic Data},
  author={Cattaneo, Matias D and Feng, Yingjie and Underwood, William G},
  journal={Journal of the American Statistical Association, \emph{forthcoming}},
  pages={},
  year={2024}
}

@article{cuny2014martingale,
  title={On martingale approximations and the quenched weak
    invariance principle},
  author={Cuny, Christophe and Merlev{\`e}de, Florence},
  journal={The Annals of Probability},
  volume={42},
  number={2},
  pages={760--793},
  year={2014},
  publisher = {Institute of Mathematical Statistics},
}

@book{Fan-Gijbels_1996_Book,
  author    = {Fan, J. and I. Gijbels},
  title     = {Local Polynomial Modelling and Its Applications},
  publisher = {Chapman \& Hall/CRC},
  address={New York},
  year={1996}
}

@book{hall2014martingale,
  title={Martingale Limit Theory and its Application},
  author={Hall, Peter and Heyde, Christopher C},
  year={2014},
  publisher={Academic Press}
}

@book{dudley1999uniform,
  author =        {Dudley, R. M.},
  publisher =     {Cambridge University Press},
  series =        {Cambridge Studies in Advanced Mathematics},
  title =         {Uniform Central Limit Theorems},
  year =          {1999},
}

@book{pollard2002user,
  author =        {Pollard, David},
  publisher =     {Cambridge University Press},
  title =         {A User's Guide to Measure Theoretic Probability},
  year =          {2002},
}

@article{yurinskii1978error,
  author =        {Yurinskii, Vadim Vladimirovich},
  journal =       {Theory of Probability \& its Applications},
  number =        {2},
  pages =         {236--247},
  publisher =     {SIAM},
  title =         {On the error of the {Gaussian} approximation for
    convolutions},
  volume =        {22},
  year =          {1978},
}

@article{belloni2019conditional,
  author =        {Belloni, Alexandre and Chernozhukov, Victor and
    Chetverikov, Denis and Fern{\'a}ndez-Val, Iv{\'a}n},
  journal =       {Journal of Econometrics},
  number =        {1},
  pages =         {4--29},
  publisher =     {Elsevier},
  title =         {Conditional quantile processes based on series or
    many regressors},
  volume =        {213},
  year =          {2019},
}

@inproceedings{buzun2022strong,
  title={Strong {Gaussian} Approximation for the Sum of Random Vectors},
  author={Buzun, Nazar and Shvetsov, Nikolay and Dylov, Dmitry V},
  booktitle={Conference on Learning Theory},
  vol=178,
  pages={1693--1715},
  year={2022},
  organization={Proceedings of Machine Learning Research}
}

@article{gotze2019large,
  title={Large ball probabilities,
    {Gaussian} comparison and anti-concentration},
  author={G{\"o}tze, Friedrich and Naumov,
    Alexey and Spokoiny, Vladimir and Ulyanov, Vladimir},
  journal={Bernoulli},
  volume={25},
  number={4A},
  pages={2538--2563},
  year={2019},
  publisher={Bernoulli Society for Mathematical Statistics and Probability}
}

@article{rakhlin2015sequential,
  title={Sequential complexities and uniform martingale
    laws of large numbers},
  author={Rakhlin, Alexander and Sridharan, Karthik and Tewari, Ambuj},
  journal={Probability Theory and Related Fields},
  volume={161},
  number={1},
  pages={111--153},
  year={2015},
  publisher={Springer}
}

@book{geer2000empirical,
  title={Empirical Processes in {M}-estimation},
  author={Sara A van de Geer},
  volume={6},
  year={2000},
  publisher={Cambridge University Press}
}

@article{cattaneo2020large,
  author = {Matias D. Cattaneo and Max H. Farrell and Yingjie Feng},
  title = {{Large sample properties of partitioning-based series estimators}},
  volume = {48},
  journal = {Annals of Statistics},
  number = {3},
  publisher = {Institute of Mathematical Statistics},
  pages = {1718--1741},
  keywords = {Nonparametric regression, robust bias correction,
    series methods, sieve methods, strong approximation,
    tuning parameter selection, uniform inference},
  year = {2020},
  doi = {10.1214/19-AOS1865},
}

@techreport{lecam1988,
  author = {Le Cam, L},
  title = {On the {Prokhorov} distance between the empirical process
    and the associated {Gaussian} bridge},
  institution = {University of California, Berkeley},
  year = {1988}
}

@book{van1996weak,
  title={Weak Convergence and Empirical Processes},
  author={van der Vaart, Aad Willem and Wellner, Jon August},
  year={1996},
  series={Springer Series in Statistics},
  publisher={Springer, New York, NY}
}

@article{arcones1993limit,
  title={Limit theorems for {U}-processes},
  author={Arcones, Miguel A and Gin{\'e}, Evarist},
  journal={Annals of Probability},
  pages={1494--1542},
  year={1993},
  publisher={Institute of Mathematical Statistics}
}

@article{chen2020jackknife,
  title={Jackknife multiplier bootstrap: finite sample approximations to the
      {U}-process supremum with applications},
  author={Chen, Xiaohui and Kato, Kengo},
  journal={Probability Theory and Related Fields},
  volume={176},
  number={3},
  pages={1097--1163},
  year={2020},
  publisher={Springer}
}

@article{gine2004kernel,
  author =        {Gin{\'e}, Evarist and Koltchinskii, Vladimir and
    Sakhanenko, Lyudmila},
  journal =       {Probability Theory and Related Fields},
  number =        {2},
  pages =         {167--198},
  publisher =     {Springer},
  title =         {Kernel density estimators: convergence in
    distribution for weighted sup-norms},
  volume =        {130},
  year =          {2004},
}

@book{gine2021mathematical,
  author =        {Gin{\'e}, Evarist and Nickl, Richard},
  publisher =     {Cambridge University Press},
  series =        {Cambridge Series in Statistical and Probabilistic
    Mathematics},
  title =         {Mathematical Foundations of Infinite-Dimensional
    Statistical Models},
  year =          {2021},
}

@article{gine2010confidence,
  author =        {Gin{\'e}, Evarist and Nickl, Richard},
  journal =       {Annals of Statistics},
  number =        {2},
  pages =         {1122--1170},
  publisher =     {Institute of Mathematical Statistics},
  title =         {Confidence bands in density estimation},
  volume =        {38},
  year =          {2010},
}

@article{komlos1975approximation,
author =        {Koml{\'o}s, J{\'a}nos and Major, P{\'e}ter and
  Tusn{\'a}dy, G{\'a}bor},
journal =       {Zeitschrift f{\"u}r Wahrscheinlichkeitstheorie und
  verwandte Gebiete},
number =        {1-2},
pages =         {111--131},
publisher =     {Springer},
title =         {An approximation of partial sums of independent
  {RV}s, and the sample {DF}. {I}},
volume =        {32},
year =          {1975},
}

@incollection{merlevede2009bernstein,
  title={Bernstein inequality and moderate deviations under
    strong mixing conditions},
  author={Merlev{\`e}de, Florence and Peligrad, Magda and Rio, Emmanuel},
  booktitle={High dimensional probability V: the Luminy volume},
  pages={273--292},
  year={2009},
  publisher={Institute of Mathematical Statistics}
}

@book{rio2017asymptotic,
  title={Asymptotic theory of weakly dependent random processes},
  author={Rio, Emmanuel},
  volume={80},
  year={2017},
  publisher={Springer}
}

@incollection{graham2020network,
  author =        {Graham, Bryan S},
  booktitle =     {Handbook of Econometrics},
  pages =         {111--218},
  publisher =     {Elsevier},
  title =         {Network data},
  volume =        {7},
  year =          {2020},
}

@article{chernozhukov2014gaussian,
  title={Gaussian approximation of suprema of empirical processes},
  author={Chernozhukov, Victor and Chetverikov, Denis and Kato, Kengo},
  journal={Annals of Statistics},
  volume={42},
  number={4},
  pages={1564--1597},
  year={2014},
  publisher={Institute of Mathematical Statistics}
}

@article{chernozhukov2017detailed,
  title={Detailed proof of {Nazarov}'s inequality},
  author={Chernozhukov, Victor and Chetverikov, Denis and Kato, Kengo},
  journal={arXiv preprint arXiv:1711.10696},
  year={2017}
}

@article{chernozhukov2023nearly,
  title={Nearly optimal central limit theorem and
    bootstrap approximations in high dimensions},
  author={Chernozhukov, Victor and Chetverikov, Denis and Koike, Yuta},
  journal={Annals of Applied Probability},
  volume={33},
  number={3},
  pages={2374--2425},
  year={2023}
}

@article{chernozhukov2013gaussian,
  title={Gaussian approximations and multiplier bootstrap for maxima of
    sums of high-dimensional random vectors},
  author={Chernozhukov, Victor and Chetverikov, Denis and Kato, Kengo},
  journal={Annals of Statistics},
  volume={41},
  number={6},
  pages={2786--2819},
  year={2013},
  publisher={Institute of Mathematical Statistics}
}

@article{chernozhukov2014anti,
  title={Anti-concentration and honest, adaptive confidence bands},
  author={Chernozhukov, Victor and Chetverikov, Denis and Kato, Kengo},
  journal={Annals of Statistics},
  volume={42},
  number={5},
  pages={1787--1818},
  year={2014},
  publisher={Institute of Mathematical Statistics}
}

@article{chernozhukov2015comparison,
  title={Comparison and anti-concentration bounds for
    maxima of {Gaussian} random vectors},
  author={Chernozhukov, Victor and Chetverikov, Denis and Kato, Kengo},
  journal={Probability Theory and Related Fields},
  volume={162},
  number={1},
  pages={47--70},
  year={2015},
  publisher={Springer}
}

@article{dedecker2007weak,
title={On the weak invariance principle for non-adapted sequences
  under projective criteria},
author={Dedecker, J{\'e}r{\^o}me and Merlev{\`e}de,
Florence and Voln{\`y}, Dalibor},
journal={Journal of Theoretical Probability},
volume={20},
pages={971--1004},
year={2007},
publisher={Springer}
}

@article{magda2018martingale,
  title={Martingale approximations for random fields},
  author={Magda, Peligrad and Zhang, Na},
  journal={Electronic Communications in Probability},
  volume={23},
  number={28},
  pages={1--9},
  year={2018}
}

@incollection{nazarov2003maximal,
  title={On the Maximal Perimeter of a Convex Set in $\mathbb{R}^n$
    with Respect to a {Gaussian} Measure},
  author={Nazarov, Fedor},
  booktitle={Geometric aspects of functional analysis},
  pages={169--187},
  year={2003},
  publisher={Springer}
}

@article{li2020uniform,
  title = {Uniform nonparametric inference for time series},
  journal = {Journal of Econometrics},
  volume = {219},
  number = {1},
  pages = {38-51},
  year = {2020},
  doi = {https://doi.org/10.1016/j.jeconom.2019.09.011},
  author = {Jia Li and Zhipeng Liao}
}

@article{sheehy1992uniform,
  title={Uniform {Donsker} classes of functions},
  author={Sheehy, Anne and Wellner, Jon A},
  journal={Annals of Probability},
  volume={20},
  number={4},
  pages={1983--2030},
  year={1992},
  publisher={Institute of Mathematical Statistics}
}

@article{zaitsev1987estimates,
title={Estimates of the {L}{\'e}vy--{Prokhorov} distance in the multivariate
central limit theorem for random variables with
finite exponential moments},
author={Zaitsev, A Yu},
journal={Theory of Probability \& Its Applications},
volume={31},
number={2},
pages={203--220},
year={1987},
publisher={SIAM}
}

@article{zaitsev1987gaussian,
  title={On the {Gaussian} approximation of convolutions under
    multidimensional analogues of
      {S.\ N.\ Bernstein's} inequality conditions},
  author={Zaitsev, A Yu},
  journal={Probability Theory and Related Fields},
  volume={74},
  number={4},
  pages={535--566},
  year={1987},
  publisher={Springer-Verlag}
}

%%%%%%%%%%%%%%%%%%%%%%%%%%%%%%%%%%%%%%%%%%%%%%%%%%%%%%%%%%%%%%%%
%%%%%%%%%%%%%%%% APPLICATIONS
%%%%%%%%%%%%%%%%%%%%%%%%%%%%%%%%%%%%%%%%%%%%%%%%%%%%%%%%%%%%%%%%

@incollection{biau2015high,
  title={High-Dimensional $p$-Norms},
  author={Biau, G{\'e}rard and Mason, David M},
  booktitle={Mathematical statistics and limit theorems},
  pages={21--40},
  year={2015},
  publisher={Springer}
}

@article{ray2021bernstein,
title={On the {Bernstein}--von {Mises} theorem for the {Dirichlet} process},
author={Ray, Kolyan and van der Vaart, Aad},
journal={Electronic Journal of Statistics},
volume={15},
number={1},
pages={2224--2246},
year={2021},
publisher={Institute of Mathematical Statistics and Bernoulli Society}
}

@article{van2013bernstein,
title={The {Bernstein}--{Orlicz} norm and deviation inequalities},
author={van de Geer, Sara and Lederer, Johannes},
journal={Probability Theory and Related Fields},
volume={157},
number={1},
pages={225--250},
year={2013},
publisher={Springer}
}

@article{lopes2020bootstrapping,
  title={Bootstrapping max statistics in high dimensions:
    Near-parametric rates under weak variance decay
    and application to functional and multinomial data},
  author={Lopes, Miles E and Lin, Zhenhua and M{\"u}ller, Hans-Georg},
  journal={Annals of Statistics},
  volume={48},
  number={2},
  pages={1214--1229},
  year={2020},
  publisher={Institute of Mathematical Statistics}
}

@book{bhatia1997matrix,
  author =        {Bhatia, Rajendra},
  publisher =     {Springer, New York, NY},
  title =         {Matrix Analysis},
  volume =        {169},
  year =          {1997},
}

@article{Francois2007concentration,
  title={The Concentration of Fractional Distances},
  author={Damien Fran{\c c}ois and Vincent Wertz and Michel Verleysen},
  journal={IEEE Transactions on Knowledge and Data Engineering},
  year={2007},
  volume={19},
  pages={873-886}
}

@article{rio1994local,
  title={Local invariance principles and their
    application to density estimation},
  author={Rio, Emmanuel},
  journal={Probability Theory and Related Fields},
  volume={98},
  number={1},
  pages={21--45},
  year={1994},
  publisher={Springer}
}

@article{dudley1983invariance,
  title={Invariance principles for sums of {Banach} space
    valued random elements and empirical processes},
  author={Dudley, RM and Philipp, Walter},
  journal={Zeitschrift f{\"u}r Wahrscheinlichkeitstheorie
    und verwandte Gebiete},
  volume={62},
  number={4},
  pages={509--552},
  year={1983},
  publisher={Springer}
}

@article{dehling1983limit,
  title={Limit theorems for sums of weakly dependent
      {Banach} space valued random variables},
  author={Dehling, Herold},
  journal={Zeitschrift f{\"u}r Wahrscheinlichkeitstheorie
    und verwandte Gebiete},
  volume={63},
  number={3},
  pages={393--432},
  year={1983},
  publisher={Springer}
}

@book{eggermont2009maximum,
  title={Maximum Penalized Likelihood Estimation: Volume II: Regression},
  author={Eggermont, Paul P B and LaRiccia, Vincent N},
  year={2009},
  publisher={Springer}
}

@article{jacod2021volatility,
  title={Volatility coupling},
  author={Jacod, Jean and Li, Jia and Liao, Zhipeng},
  journal={Annals of Statistics},
  volume={49},
  number={4},
  pages={1982--1998},
  year={2021},
  publisher={Institute of Mathematical Statistics}
}

@article{chernozhukov2016empirical,
  title={Empirical and multiplier bootstraps for suprema of
    empirical processes of increasing complexity,
    and related {Gaussian} couplings},
  author={Chernozhukov, Victor and Chetverikov, Denis and Kato, Kengo},
  journal={Stochastic Processes and their Applications},
  volume={126},
  number={12},
  pages={3632--3651},
  year={2016},
  publisher={Elsevier}
}

@article{kozbur2021dimension,
  title={Dimension-Free Anticoncentration Bounds for {Gaussian}
    Order Statistics with Discussion of
    Applications to Multiple Testing},
  author={Kozbur, Damian},
  journal={arXiv preprint arXiv:2107.10766},
  year={2021}
}

@article{zhai2018high,
title={A high-dimensional {CLT} in $\mathcal{W}_2$
distance with near optimal convergence rate},
author={Zhai, Alex},
journal={Probability Theory and Related Fields},
volume={170},
number={3},
pages={821--845},
year={2018},
publisher={Springer}
}

@article{settati2009gaussian,
  title={Gaussian approximation of the empirical process
    under random entropy conditions},
  author={Settati, Adel},
  journal={Stochastic processes and their Applications},
  volume={119},
  number={5},
  pages={1541--1560},
  year={2009},
  publisher={Elsevier}
}

@article{baxter1994norm,
  title={Norm estimates for inverses of {Toeplitz} distance matrices},
  author={Baxter, Brad J. C.},
  journal={Journal of Approximation Theory},
  volume={79},
  number={2},
  pages={222--242},
  year={1994},
  publisher={Elsevier}
}

@article{bradley2005basic,
  title={Basic properties of strong mixing conditions.
    A survey and some open questions},
  author={Bradley, Richard C},
  journal={Probability Surveys},
  volume={2},
  number={},
  pages={107--144},
  year={2005}
}

@article{chatterjee2006generalization,
  title={A generalization of the {Lindeberg} principle},
  author={Chatterjee, Sourav},
  journal={Annals of Probability},
  volume={34},
  number={6},
  pages={2061--2076},
  year={2006}
}

@article{lopes2022central,
  title={Central limit theorem and bootstrap approximation in high
    dimensions: Near $1/n$ rates via implicit smoothing},
  author={Lopes, Miles E},
  journal={The Annals of Statistics},
  volume={50},
  number={5},
  pages={2492--2513},
  year={2022},
  publisher={Institute of Mathematical Statistics}
}

@article{mcleish1975invariance,
  title={Invariance principles for dependent variables},
  author={McLeish, Don L},
  journal={Zeitschrift f{\"u}r Wahrscheinlichkeitstheorie
    und verwandte Gebiete},
  volume={32},
  number={3},
  pages={165--178},
  year={1975},
  publisher={Springer}
}

@incollection{peligrad2010conditional,
  title={Conditional central limit theorem via martingale approximation},
  author={Peligrad, M},
  booktitle={Dependence in Probability, Analysis and Number Theory,
    volume in memory of Walter Philipp},
  pages={295--311},
  year={2010},
  publisher={Kendrick Press I. Berkes, RC Bradley,
    H. Dehling, M. Peligrad, R. Tichy Editors}
}

@article{serfling1968contributions,
  title={Contributions to central limit theory for dependent variables},
  author={Serfling, Robert J},
  journal={Annals of Mathematical Statistics},
  volume={39},
  number={4},
  pages={1158--1175},
  year={1968},
  publisher={Institute of Mathematical Statistics}
}

@article{giessing2023anti,
  title={Anti-concentration of Suprema of {Gaussian} Processes
    and {Gaussian} Order Statistics},
  author={Giessing, Alexander},
  journal={arXiv preprint arXiv:2310.12119},
  year={2023}
}

@article{wu2004martingale,
  title={Martingale approximations for sums of stationary processes},
  author={Wu, Wei Biao and Woodroofe, Michael},
  journal={Annals of Probability},
  volume={32},
  number={2},
  pages={1674--1690},
  year={2004}
}

@article{zhao2008martingale,
  title={On martingale approximations},
  author={Zhao, Ou and Woodroofe, Michael},
  journal={Annals of Applied Probability},
  volume={18},
  number={5},
  pages={1831--1847},
  year={2008}
}

@article{koike2021notes,
  title={Notes on the dimension dependence in high-dimensional
    central limit theorems for hyperrectangles},
  author={Koike, Yuta},
  journal={Japanese Journal of Statistics and Data Science},
  volume={4},
  pages={257--297},
  year={2021},
  publisher={Springer}
}

@article{chernozhukov2017central,
  author = {Victor Chernozhukov and Denis Chetverikov and Kengo Kato},
  title = {{Central limit theorems and bootstrap in high dimensions}},
  volume = {45},
  journal = {The Annals of Probability},
  number = {4},
  publisher = {Institute of Mathematical Statistics},
  pages = {2309 -- 2352},
  year = {2017},
  doi = {10.1214/16-AOP1113},
}

@article{cattaneo2024yurinskiisupplement,
  title={Supplement to ``Yurinskii's Coupling for Martingales''},
  author={Cattaneo, Matias D and Masini, Ricardo P and Underwood, William G},
  year={2024},
}

@inproceedings{arnould2023interpolation,
  title={Is interpolation benign for random forest regression?},
  author={Arnould, Ludovic and Boyer, Claire and Scornet, Erwan},
  booktitle={International Conference on
    Artificial Intelligence and Statistics},
  pages={5493--5548},
  year={2023},
  organization={Proceedings of Machine Learning Research},
}

@article{balog2016mondrian,
  title={The {Mondrian} kernel},
  author={Balog, Matej and Lakshminarayanan, Balaji and Ghahramani, Zoubin
    and Roy, Daniel M and Teh, Yee Whye},
  journal={arXiv preprint arXiv:1606.05241},
  year={2016}
}

@article{birge2001alternative,
  author =        {Birg{\'e}, Lucien},
  journal =       {Lecture Notes -- Monograph Series},
  pages =         {113--133},
  publisher =     {Institute of Mathematical Statistics},
  title =         {An alternative point of view on {Lepski}'s method},
  volume =        {36},
  year =          {2001},
}

@book{boucheron2016concentration,
  title={Concentration inequalities},
  author={Boucheron, St{\'e}phane and Lugosi, G{\'a}bor and Massart, Pascal},
  year={2016},
  publisher={Oxford}
}

@article{calonico2018jasa,
  author =        {Calonico, Sebastian and Matias D. Cattaneo and
    Max H. Farrell},
  journal =       {Journal of the American Statistical Association},
  number =        {522},
  pages =         {767--779},
  title =         {On the Effect of Bias Estimation on Coverage Accuracy
    in Nonparametric Inference},
  volume =        {113},
  year =          {2018},
}

@article{calonico2022bernoulli,
  author =        {Calonico, Sebastian and Matias D. Cattaneo and
    Max H. Farrell},
  journal =       {Bernoulli},
  volume  =       {28},
  number =        {4},
  pages =         {2998--3022},
  title =         {Coverage Error Optimal Confidence Intervals for Local
    Polynomial Regression},
  year =          {2022},
}

@article{Chi-Vossler-Fan-Lv_2022_AOS,
  title={Asymptotic Properties of High-Dimensional Random Forests},
  author={Chi, Chien-Ming and Vossler, Patrick and
    Fan, Yingying and Lv, Jinchi},
  volume = {50},
  journal = {The Annals of Statistics},
  number = {6},
  publisher = {Institute of Mathematical Statistics},
  pages = {3415 -- 3438},
  doi = {10.1214/22-AOS2234},
  year={2022}
}

@article{fan1996study,
  title={A study of variable bandwidth selection
    for local polynomial regression},
  author={Fan, Jianqing and Gijbels, Ir{\`e}ne and Hu, Tien-Chung
    and Huang, Li-Shan},
  journal={Statistica Sinica},
  pages={113--127},
  year={1996},
  publisher = {Institute of Statistical Science, Academia Sinica},
}

@article{gao2022towards,
  title={Towards convergence rate analysis of
    random forests for classification},
  author={Gao, Wei and Xu, Fan and Zhou, Zhi-Hua},
  journal={Artificial Intelligence},
  volume={313},
  pages={103788},
  year={2022},
  publisher={Elsevier}
}

@article{huang2003local,
  title={Local asymptotics for polynomial spline regression},
  author={Huang, Jianhua Z},
  journal={The Annals of Statistics},
  volume={31},
  number={5},
  pages={1600--1635},
  year={2003},
  doi = {10.1214/aos/1065705120},
  publisher={Institute of Mathematical Statistics}
}

@article{lakshminarayanan2014mondrian,
  title={Mondrian forests: Efficient online random forests},
  author={Lakshminarayanan, Balaji and Roy, Daniel M and Teh, Yee Whye},
  journal={Advances in neural information processing systems},
  volume={27},
  year={2014}
}

@inproceedings{lakshminarayanan2016mondrian,
  title={Mondrian forests for large-scale regression when uncertainty matters},
  author={Lakshminarayanan, Balaji and Roy, Daniel M and Teh, Yee Whye},
  booktitle={Artificial Intelligence and Statistics},
  pages={1478--1487},
  year={2016},
  organization={Proceedings of Machine Learning Research}
}

@article{lepskii1992asymptotically,
  author =        {Lepskii, O V},
  journal =       {Theory of Probability \& its Applications},
  number =        {4},
  pages =         {682--697},
  publisher =     {SIAM},
  title =         {Asymptotically minimax adaptive estimation. {I}:
    Upper bounds. Optimally adaptive estimates},
  volume =        {36},
  year =          {1992},
}

@inproceedings{ma2020isolation,
  title={Isolation {Mondrian} forest for batch and online anomaly detection},
  author={Ma, Haoran and Ghojogh, Benyamin and Samad, Maria N and
    Zheng, Dongyu and Crowley, Mark},
  booktitle={2020 IEEE International Conference on Systems,
    Man, and Cybernetics},
  pages={3051--3058},
  year={2020},
  organization={IEEE}
}

@article{mourtada2017universal,
  title={Universal consistency and minimax rates for online {Mondrian} forests},
  author={Mourtada, Jaouad and Ga{\"\i}ffas, St{\'e}phane and Scornet, Erwan},
  journal={Advances in neural information processing systems},
  volume={30},
  year={2017}
}

@article{mourtada2020minimax,
  title={Minimax optimal rates for {Mondrian} trees and forests},
  author={Mourtada, Jaouad and Ga{\"i}ffas, St{\'e}phane and Scornet, Erwan},
  journal={The Annals of Statistics},
  volume={48},
  number={4},
  pages={2253--2276},
  year={2020},
  publisher={Institute of Mathematical Statistics}
}

@article{mourtada2021amf,
  title={{AMF}: Aggregated {Mondrian} forests for online learning},
  author={Mourtada, Jaouad and Ga{\"\i}ffas, St{\'e}phane and Scornet, Erwan},
  journal={Journal of the Royal Statistical Society Series B:
    Statistical Methodology},
  volume={83},
  number={3},
  pages={505--533},
  year={2021},
  publisher={Oxford University Press}
}

@article{o2022stochastic,
  title={Stochastic geometry to generalize the {Mondrian} process},
  author={O'Reilly, Eliza and Tran, Ngoc Mai},
  journal={SIAM Journal on Mathematics of Data Science},
  volume={4},
  number={2},
  pages={531--552},
  year={2022},
  publisher={SIAM}
}

@article{schucany1977improvement,
  title={Improvement of kernel type density estimators},
  author={Schucany, William R and Sommers, John P},
  journal={Journal of the American Statistical Association},
  volume={72},
  number={358},
  pages={420--423},
  year={1977},
  publisher={Taylor \& Francis}
}

@article{scillitoe2021uncertainty,
  title={Uncertainty quantification for data-driven turbulence
    modelling with {Mondrian} forests},
  author={Scillitoe, Ashley and Seshadri, Pranay and Girolami, Mark},
  journal={Journal of Computational Physics},
  volume={430},
  pages={110116},
  year={2021},
  publisher={Elsevier}
}

@inproceedings{vicuna2021reducing,
  title={Reducing numerical precision preserves classification
    accuracy in {Mondrian} Forests},
  author={Vicuna, Marc and Khannouz, Martin and Kiar, Gregory and Chatelain,
    Yohan and Glatard, Tristan},
  booktitle={2021 IEEE International Conference on Big Data (Big Data)},
  pages={2785--2790},
  year={2021},
  organization={IEEE}
}

@article{Scornet-Biau-Vert_2015_AOS,
  author = {Erwan Scornet and G{\'e}rard Biau and Jean-Philippe Vert},
  doi = {10.1214/15-AOS1321},
  journal = {The Annals of Statistics},
  keywords = {Additive model, consistency, Dimension reduction,
    random forests, Randomization, Sparsity},
  number = {4},
  pages = {1716 -- 1741},
  publisher = {Institute of Mathematical Statistics},
  title = {{Consistency of random forests}},
  volume = {43},
  year = {2015},
}

@article{scornet2016random,
  title={Random forests and kernel methods},
  author={Scornet, Erwan},
  journal={IEEE Transactions on Information Theory},
  volume={62},
  number={3},
  pages={1485--1500},
  year={2016},
  publisher={IEEE}
}

@article{davies2014random,
  title={The random forest kernel and other kernels
    for big data from random partitions},
  author={Davies, Alex and Ghahramani, Zoubin},
  journal={arXiv preprint arXiv:1402.4293},
  year={2014}
}

@article{zaitsev2013accuracy,
  title={The accuracy of strong {Gaussian} approximation
    for sums of independent random vectors},
  author={Zaitsev, A Yu},
  journal={Russian Mathematical Surveys},
  volume={68},
  number={4},
  pages={721},
  year={2013},
  publisher={IOP Publishing}
}

@book{gyorfi2002distribution,
title={A distribution-free theory of nonparametric regression},
author={Gy{\"o}rfi, L{\'a}szl{\'o} and K{\"o}hler,
Michael and Krzy{\.z}ak, Adam and Walk, Harro},
volume={1},
year={2002},
publisher={Springer}
}

@inproceedings{roy2008mondrian,
  title={The {Mondrian} Process.},
  author={Roy, Daniel M and Teh, Yee Whye and others},
  booktitle={NIPS},
  volume={21},
  year={2008}
}

@article{efron1981jackknife,
  title={The jackknife estimate of variance},
  author={Efron, Bradley and Stein, Charles},
  journal={The Annals of Statistics},
  pages={586--596},
  year={1981},
  publisher = {Institute of Mathematical Statistics},
}

@article{stone1982optimal,
  title={Optimal global rates of convergence for nonparametric regression},
  author={Stone, Charles J},
  journal={The Annals of Statistics},
  pages={1040--1053},
  year={1982},
  publisher = {Institute of Mathematical Statistics},
}

@article{cattaneo2013generalized,
  title={Generalized jackknife estimators of weighted average derivatives},
  author={Cattaneo, Matias D and Crump, Richard K and Jansson, Michael},
  journal={Journal of the American Statistical Association},
  volume={108},
  number={504},
  pages={1243--1256},
  year={2013},
  publisher={Taylor \& Francis}
}

@article{breiman2001random,
  title={Random forests},
  author={Breiman, Leo},
  journal={Machine learning},
  volume={45},
  pages={5--32},
  year={2001},
  publisher={Springer}
}

@article{wager2018estimation,
  title={Estimation and inference of heterogeneous treatment
    effects using random forests},
  author={Wager, Stefan and Athey, Susan},
  journal={Journal of the American Statistical Association},
  volume={113},
  number={523},
  pages={1228--1242},
  year={2018},
  publisher={Taylor \& Francis}
}

@inproceedings{oprescu2019orthogonal,
  title={Orthogonal random forest for causal inference},
  author={Oprescu, Miruna and Syrgkanis, Vasilis and Wu, Zhiwei Steven},
  booktitle={International Conference on Machine Learning},
  pages={4932--4941},
  year={2019},
  organization={Proceedings of Machine Learning Research}
}

@book{fan2020statistical,
  title={Statistical Foundations of Data Science},
  author={Fan, Jianqing and Li, Runze and Zhang, Cun-Hui and Zou, Hui},
  year={2020},
  publisher={CRC press}
}

@inproceedings{klusowski2021sharp,
  title={Sharp analysis of a simple model for random forests},
  author={Klusowski, Jason},
  booktitle={International Conference on
    Artificial Intelligence and Statistics},
  pages={757--765},
  year={2021},
  organization={Proceedings of Machine Learning Research}
}

@article{biau2012analysis,
  title={Analysis of a random forests model},
  author={Biau, G{\'e}rard},
  journal={The Journal of Machine Learning Research},
  volume={13},
  pages={1063--1095},
  year={2012},
  publisher={Journal of Machine Learning Research}
}

@article{duroux2016impact,
  title={Impact of subsampling and pruning on random forests},
  author={Duroux, Roxane and Scornet, Erwan},
  journal={arXiv preprint arXiv:1603.04261},
  year={2016}
}

@article{klusowski2021universal,
  title = {Large scale prediction with decision trees},
  author = {Klusowski, Jason M and Tian, Peter},
  journal={Journal of the American Statistical Association},
  year = {2023}
}

@inproceedings{caruana2004ensemble,
  title={Ensemble selection from libraries of models},
  author={Caruana, Rich and Niculescu-Mizil, Alexandru and
    Crew, Geoff and Ksikes, Alex},
  booktitle={Proceedings of the twenty-first
    international conference on Machine learning},
  pages={18},
  year={2004}
}

@article{zhou2019deep,
  title={Deep forest},
  author={Zhou, Zhi-Hua and Feng, Ji},
  journal={National Science Review},
  volume={6},
  number={1},
  pages={74--86},
  year={2019},
  publisher={Oxford University Press}
}

@article{breiman1996bagging,
  title={Bagging predictors},
  author={Breiman, Leo},
  journal={Machine Learning},
  volume={24},
  pages={123--140},
  year={1996},
  publisher={Springer}
}

@article{friedberg2020local,
  title={Local linear forests},
  author={Friedberg, Rina and Tibshirani, Julie and Athey, Susan
    and Wager, Stefan},
  journal={Journal of Computational and Graphical Statistics},
  volume={30},
  number={2},
  pages={503--517},
  year={2020},
  publisher={Taylor \& Francis},
}

@article{cattaneo2023mondriansupplement,
  title={Supplement to ``Inference with Mondrian random forests''},
  author={Cattaneo, Matias D and Klusowski, Jason M and Underwood, William G},
  year={2023},
}
