@inproceedings{arnould2023interpolation,
  title={Is interpolation benign for random forest regression?},
  author={Arnould, Ludovic and Boyer, Claire and Scornet, Erwan},
  booktitle={International Conference on
    Artificial Intelligence and Statistics},
  pages={5493--5548},
  year={2023},
  organization={PMLR},
}

@article{balog2016mondrian,
  title={The {Mondrian} kernel},
  author={Balog, Matej and Lakshminarayanan, Balaji and Ghahramani, Zoubin
    and Roy, Daniel M and Teh, Yee Whye},
  journal={arXiv preprint arXiv:1606.05241},
  year={2016}
}

@article{birge2001alternative,
  author =        {Birg{\'e}, Lucien},
  journal =       {Lecture Notes -- Monograph Series},
  pages =         {113--133},
  publisher =     {Institute of Mathematical Statistics},
  title =         {An alternative point of view on {Lepski}'s method},
  volume =        {36},
  year =          {2001},
}

@book{boucheron2016concentration,
  title={Concentration inequalities},
  author={Boucheron, St{\'e}phane and Lugosi, G{\'a}bor and Massart, Pascal},
  year={2016},
  publisher={Oxford}
}

@article{cattaneo2020large,
  title={Large sample properties of partitioning-based series estimators},
  author={Cattaneo, Matias D and Farrell, Max H and Feng, Yingjie},
  journal={The Annals of Statistics},
  volume={48},
  number={3},
  pages={1718--1741},
  year={2020},
  publisher={Institute of Mathematical Statistics}
}

@article{calonico2018jasa,
  author =        {Calonico, Sebastian and Matias D. Cattaneo and
    Max H. Farrell},
  journal =       {Journal of the American Statistical Association},
  number =        {522},
  pages =         {767--779},
  title =         {On the Effect of Bias Estimation on Coverage Accuracy
    in Nonparametric Inference},
  volume =        {113},
  year =          {2018},
}

@article{calonico2022bernoulli,
  author =        {Calonico, Sebastian and Matias D. Cattaneo and
    Max H. Farrell},
  journal =       {Bernoulli},
  volume  =       {28},
  number =        {4},
  pages =         {2998--3022},
  title =         {Coverage Error Optimal Confidence Intervals for Local
    Polynomial Regression},
  year =          {2022},
}

@article{Chi-Vossler-Fan-Lv_2022_AOS,
  title={Asymptotic Properties of High-Dimensional Random Forests},
  author={Chi, Chien-Ming and Vossler, Patrick and
    Fan, Yingying and Lv, Jinchi},
  volume = {50},
  journal = {The Annals of Statistics},
  number = {6},
  publisher = {Institute of Mathematical Statistics},
  pages = {3415 -- 3438},
  doi = {10.1214/22-AOS2234},
  year={2022}
}

@article{fan1996study,
  title={A study of variable bandwidth selection
    for local polynomial regression},
  author={Fan, Jianqing and Gijbels, Ir{\`e}ne and Hu, Tien-Chung
    and Huang, Li-Shan},
  journal={Statistica Sinica},
  pages={113--127},
  year={1996},
  publisher = {Institute of Statistical Science, Academia Sinica},
}

@article{gao2022towards,
  title={Towards convergence rate analysis of
    random forests for classification},
  author={Gao, Wei and Xu, Fan and Zhou, Zhi-Hua},
  journal={Artificial Intelligence},
  volume={313},
  pages={103788},
  year={2022},
  publisher={Elsevier}
}

@article{huang2003local,
  title={Local asymptotics for polynomial spline regression},
  author={Huang, Jianhua Z},
  journal={The Annals of Statistics},
  volume={31},
  number={5},
  pages={1600--1635},
  year={2003},
  doi = {10.1214/aos/1065705120},
  publisher={Institute of Mathematical Statistics}
}

@article{lakshminarayanan2014mondrian,
  title={Mondrian forests: Efficient online random forests},
  author={Lakshminarayanan, Balaji and Roy, Daniel M and Teh, Yee Whye},
  journal={Advances in neural information processing systems},
  volume={27},
  year={2014}
}

@inproceedings{lakshminarayanan2016mondrian,
  title={Mondrian forests for large-scale regression when uncertainty matters},
  author={Lakshminarayanan, Balaji and Roy, Daniel M and Teh, Yee Whye},
  booktitle={Artificial Intelligence and Statistics},
  pages={1478--1487},
  year={2016},
  organization={PMLR}
}

@article{lepskii1992asymptotically,
  author =        {Lepskii, O V},
  journal =       {Theory of Probability \& its Applications},
  number =        {4},
  pages =         {682--697},
  publisher =     {SIAM},
  title =         {Asymptotically minimax adaptive estimation. {I}:
    Upper bounds. Optimally adaptive estimates},
  volume =        {36},
  year =          {1992},
}

@inproceedings{ma2020isolation,
  title={Isolation {Mondrian} forest for batch and online anomaly detection},
  author={Ma, Haoran and Ghojogh, Benyamin and Samad, Maria N and
    Zheng, Dongyu and Crowley, Mark},
  booktitle={2020 IEEE International Conference on Systems,
    Man, and Cybernetics},
  pages={3051--3058},
  year={2020},
  organization={IEEE}
}

@article{mourtada2017universal,
  title={Universal consistency and minimax rates for online {Mondrian} forests},
  author={Mourtada, Jaouad and Ga{\"\i}ffas, St{\'e}phane and Scornet, Erwan},
  journal={Advances in neural information processing systems},
  volume={30},
  year={2017}
}

@article{mourtada2020minimax,
  title={Minimax optimal rates for {Mondrian} trees and forests},
  author={Mourtada, Jaouad and Ga{\"i}ffas, St{\'e}phane and Scornet, Erwan},
  journal={The Annals of Statistics},
  volume={48},
  number={4},
  pages={2253--2276},
  year={2020},
  publisher={Institute of Mathematical Statistics}
}

@article{mourtada2021amf,
  title={{AMF}: Aggregated {Mondrian} forests for online learning},
  author={Mourtada, Jaouad and Ga{\"\i}ffas, St{\'e}phane and Scornet, Erwan},
  journal={Journal of the Royal Statistical Society Series B:
    Statistical Methodology},
  volume={83},
  number={3},
  pages={505--533},
  year={2021},
  publisher={Oxford University Press}
}

@article{o2022stochastic,
  title={Stochastic geometry to generalize the {Mondrian} process},
  author={O'Reilly, Eliza and Tran, Ngoc Mai},
  journal={SIAM Journal on Mathematics of Data Science},
  volume={4},
  number={2},
  pages={531--552},
  year={2022},
  publisher={SIAM}
}

@article{schucany1977improvement,
  title={Improvement of kernel type density estimators},
  author={Schucany, William R and Sommers, John P},
  journal={Journal of the American Statistical Association},
  volume={72},
  number={358},
  pages={420--423},
  year={1977},
  publisher={Taylor \& Francis}
}

@article{scillitoe2021uncertainty,
  title={Uncertainty quantification for data-driven turbulence
    modelling with {Mondrian} forests},
  author={Scillitoe, Ashley and Seshadri, Pranay and Girolami, Mark},
  journal={Journal of Computational Physics},
  volume={430},
  pages={110116},
  year={2021},
  publisher={Elsevier}
}

@inproceedings{vicuna2021reducing,
  title={Reducing numerical precision preserves classification
    accuracy in {Mondrian} Forests},
  author={Vicuna, Marc and Khannouz, Martin and Kiar, Gregory and Chatelain,
    Yohan and Glatard, Tristan},
  booktitle={2021 IEEE International Conference on Big Data (Big Data)},
  pages={2785--2790},
  year={2021},
  organization={IEEE}
}

@article{Scornet-Biau-Vert_2015_AOS,
  author = {Erwan Scornet and G{\'e}rard Biau and Jean-Philippe Vert},
  doi = {10.1214/15-AOS1321},
  journal = {The Annals of Statistics},
  keywords = {Additive model, consistency, Dimension reduction,
    random forests, Randomization, Sparsity},
  number = {4},
  pages = {1716 -- 1741},
  publisher = {Institute of Mathematical Statistics},
  title = {{Consistency of random forests}},
  url = {https://doi.org/10.1214/15-AOS1321},
  volume = {43},
  year = {2015},
}

@article{belloni2019conditional,
  author =        {Belloni, Alexandre and Chernozhukov, Victor and
    Chetverikov, Denis and Fern{\'a}ndez-Val, Iv{\'a}n},
  journal =       {Journal of Econometrics},
  number =        {1},
  pages =         {4--29},
  publisher =     {Elsevier},
  title =         {Conditional quantile processes based on series or
    many regressors},
  volume =        {213},
  year =          {2019},
}

@article{scornet2016random,
  title={Random forests and kernel methods},
  author={Scornet, Erwan},
  journal={IEEE Transactions on Information Theory},
  volume={62},
  number={3},
  pages={1485--1500},
  year={2016},
  publisher={IEEE}
}

@article{davies2014random,
  title={The random forest kernel and other kernels
    for big data from random partitions},
  author={Davies, Alex and Ghahramani, Zoubin},
  journal={arXiv preprint arXiv:1402.4293},
  year={2014}
}

@article{zaitsev2013accuracy,
  title={The accuracy of strong {Gaussian} approximation
    for sums of independent random vectors},
  author={Zaitsev, A Yu},
  journal={Russian Mathematical Surveys},
  volume={68},
  number={4},
  pages={721},
  year={2013},
  publisher={IOP Publishing}
}

@book{hall2014martingale,
  title={Martingale limit theory and its application},
  author={Hall, Peter and Heyde, Christopher C},
  year={2014},
  publisher={Academic press}
}

@book{gyorfi2002distribution,
title={A distribution-free theory of nonparametric regression},
author={Gy{\"o}rfi, L{\'a}szl{\'o} and K{\"o}hler,
Michael and Krzy{\.z}ak, Adam and Walk, Harro},
volume={1},
year={2002},
publisher={Springer}
}

@inproceedings{roy2008mondrian,
  title={The {Mondrian} Process.},
  author={Roy, Daniel M and Teh, Yee Whye and others},
  booktitle={NIPS},
  volume={21},
  year={2008}
}

@article{efron1981jackknife,
  title={The jackknife estimate of variance},
  author={Efron, Bradley and Stein, Charles},
  journal={The Annals of Statistics},
  pages={586--596},
  year={1981},
  publisher = {Institute of Mathematical Statistics},
}

@article{stone1982optimal,
  title={Optimal global rates of convergence for nonparametric regression},
  author={Stone, Charles J},
  journal={The Annals of Statistics},
  pages={1040--1053},
  year={1982},
  publisher = {Institute of Mathematical Statistics},
}

@article{cattaneo2013generalized,
  title={Generalized jackknife estimators of weighted average derivatives},
  author={Cattaneo, Matias D and Crump, Richard K and Jansson, Michael},
  journal={Journal of the American Statistical Association},
  volume={108},
  number={504},
  pages={1243--1256},
  year={2013},
  publisher={Taylor \& Francis}
}

@article{breiman2001random,
  title={Random forests},
  author={Breiman, Leo},
  journal={Machine learning},
  volume={45},
  pages={5--32},
  year={2001},
  publisher={Springer}
}

@article{wager2018estimation,
  title={Estimation and inference of heterogeneous treatment
    effects using random forests},
  author={Wager, Stefan and Athey, Susan},
  journal={Journal of the American Statistical Association},
  volume={113},
  number={523},
  pages={1228--1242},
  year={2018},
  publisher={Taylor \& Francis}
}

@inproceedings{oprescu2019orthogonal,
  title={Orthogonal random forest for causal inference},
  author={Oprescu, Miruna and Syrgkanis, Vasilis and Wu, Zhiwei Steven},
  booktitle={International Conference on Machine Learning},
  pages={4932--4941},
  year={2019},
  organization={PMLR}
}

@book{fan2020statistical,
  title={Statistical Foundations of Data Science},
  author={Fan, Jianqing and Li, Runze and Zhang, Cun-Hui and Zou, Hui},
  year={2020},
  publisher={CRC press}
}

@inproceedings{klusowski2021sharp,
  title={Sharp analysis of a simple model for random forests},
  author={Klusowski, Jason},
  booktitle={International Conference on
    Artificial Intelligence and Statistics},
  pages={757--765},
  year={2021},
  organization={PMLR}
}

@article{biau2012analysis,
  title={Analysis of a random forests model},
  author={Biau, G{\'e}rard},
  journal={The Journal of Machine Learning Research},
  volume={13},
  pages={1063--1095},
  year={2012},
  publisher={JMLR}
}

@article{duroux2016impact,
  title={Impact of subsampling and pruning on random forests},
  author={Duroux, Roxane and Scornet, Erwan},
  journal={arXiv preprint arXiv:1603.04261},
  year={2016}
}

@article{klusowski2021universal,
  title = {Large scale prediction with decision trees},
  author = {Klusowski, Jason M and Tian, Peter},
  journal={Journal of the American Statistical Association},
  year = {2023}
}

@inproceedings{caruana2004ensemble,
  title={Ensemble selection from libraries of models},
  author={Caruana, Rich and Niculescu-Mizil, Alexandru and
    Crew, Geoff and Ksikes, Alex},
  booktitle={Proceedings of the twenty-first
    international conference on Machine learning},
  pages={18},
  year={2004}
}

@article{zhou2019deep,
  title={Deep forest},
  author={Zhou, Zhi-Hua and Feng, Ji},
  journal={National Science Review},
  volume={6},
  number={1},
  pages={74--86},
  year={2019},
  publisher={Oxford University Press}
}

@article{breiman1996bagging,
  title={Bagging predictors},
  author={Breiman, Leo},
  journal={Machine Learning},
  volume={24},
  pages={123--140},
  year={1996},
  publisher={Springer}
}

@article{friedberg2020local,
  title={Local linear forests},
  author={Friedberg, Rina and Tibshirani, Julie and Athey, Susan
    and Wager, Stefan},
  journal={Journal of Computational and Graphical Statistics},
  volume={30},
  number={2},
  pages={503--517},
  year={2020},
  publisher={Taylor \& Francis},
}

@article{cattaneo2023mondriansupplement,
  title={Supplement to ``Inference with Mondrian random forests''},
  author={Cattaneo, Matias D and Klusowski, Jason M and Underwood, William G},
  year={2023},
}
