@article{breiman2001random,
  title = {Random forests},
  author = {Breiman, Leo},
  journal = {Machine learning},
  volume = {45},
  pages = {5--32},
  year = {2001},
}

@article{breiman2004consistency,
  title={Consistency for a simple model of random forests},
  author={Breiman, Leo},
  journal={University of California at Berkeley. Technical Report},
  volume={670},
  year={2004}
}

@misc{bureau2017daily,
  author = {{Bureau of Meteorology, Australian Government}},
  title = {Daily Weather Observations},
  year = {2017},
  note = {\link{http://www.bom.gov.au/climate/data/}}
}

@article{cattaneo2022yurinskii,
  author = {Cattaneo, Matias Damian and Masini, Ricardo Pereira
  and Underwood, William George},
  title = {{Yurinskii's} Coupling for Martingales},
  year = {2022},
  journal = {Preprint},
  note = {\arxiv{2210.00362}}
}

@article{cattaneo2023inference,
  author = {Cattaneo, Matias Damian and Klusowski, Jason M
  and Underwood, William George},
  title = {Inference with {Mondrian} Random Forests},
  journal = {Preprint},
  year = {2023},
  note = {\arxiv{2310.09702}}
}

@article{cattaneo2024uniform,
  author = {Cattaneo, Matias Damian and Feng, Yingjie
  and Underwood, William George},
  title = {Uniform Inference for Kernel Density Estimators with Dyadic Data},
  year = {2024},
  journal = {Journal of the American Statistical Association},
  volume = {forthcoming},
}

@article{cutler2001pert,
  title={{PERT}: perfect random tree ensembles},
  author={Cutler, Adele and Zhao, Guohua},
  journal={Computing Science and Statistics},
  volume={33},
  number={4},
  pages={90--4},
  year={2001}
}

@article{geurts2006extremely,
  title={Extremely randomized trees},
  author={Geurts, Pierre and Ernst, Damien and Wehenkel, Louis},
  journal={Machine learning},
  volume={63},
  pages={3--42},
  year={2006},
  publisher={Springer}
}

@book{hall1980martingale,
  title = {Martingale Limit Theory and its Application},
  author = {Hall, Peter and Heyde, Christopher C},
  year = {1980},
  publisher = {Academic Press},
  address = {New York, NY},
}

@article{komlos1975approximation,
  author = {Koml{\'o}s, J{\'a}nos and Major, P{\'e}ter and
  Tusn{\'a}dy, G{\'a}bor},
  journal = {Zeitschrift f{\"u}r Wahrscheinlichkeitstheorie und
  verwandte Gebiete},
  number = {1-2},
  pages = {111--131},
  title = {An approximation of partial sums of independent
  {RV}s, and the sample {DF}. {I}},
  volume = {32},
  year = {1975},
}

@article{lakshminarayanan2014mondrian,
  title = {Mondrian forests: Efficient online random forests},
  author = {Lakshminarayanan, Balaji and Roy, Daniel M and Teh, Yee Whye},
  journal = {Advances in Neural Information Processing Systems},
  volume = {27},
  year = {2014}
}

@inproceedings{menze2011oblique,
  title={On oblique random forests},
  author={Menze, Bjoern H and Kelm, B Michael and Splitthoff, Daniel N and
  Koethe, Ullrich and Hamprecht, Fred A},
  booktitle={Machine Learning and Knowledge Discovery in Databases: European
  Conference, ECML PKDD 2011, Proceedings, Part II 22},
  pages={453--469},
  year={2011},
  organization={Springer}
}

@article{mourtada2017universal,
  title = {Universal consistency and minimax rates for
  online {Mondrian} forests},
  author = {Mourtada, Jaouad and Ga{\"\i}ffas, St{\'e}phane and Scornet, Erwan},
  journal = {Advances in Neural Information Processing Systems},
  volume = {30},
  year = {2017}
}

@article{mourtada2020minimax,
  title = {Minimax optimal rates for {Mondrian} trees and forests},
  author = {Mourtada, Jaouad and Ga{\"i}ffas, St{\'e}phane and Scornet, Erwan},
  journal = {Annals of Statistics},
  volume = {48},
  number = {4},
  pages = {2253--2276},
  year = {2020},
}

@article{mourtada2021amf,
  title = {{AMF}: Aggregated {Mondrian} forests for online learning},
  author = {Mourtada, Jaouad and Ga{\"\i}ffas, St{\'e}phane and Scornet, Erwan},
  journal = {Journal of the Royal Statistical Society Series B:
  Statistical Methodology},
  volume = {83},
  number = {3},
  pages = {505--533},
  year = {2021},
}

@inproceedings{roy2008mondrian,
  title = {The {Mondrian} Process.},
  author = {Roy, Daniel M and Teh, Yee Whye},
  booktitle = {Neural Information Processing Systems},
  volume = {21},
  year = {2008}
}

@article{yurinskii1978error,
  author = {Yurinskii, Vadim Vladimirovich},
  journal = {Theory of Probability \& its Applications},
  number = {2},
  pages = {236--247},
  title = {On the error of the {Gaussian} approximation for
  convolutions},
  volume = {22},
  year = {1978},
}
