@article{Calonico-Cattaneo-Farrell_2018_JASA,
  author =        {Calonico, Sebastian and Matias D. Cattaneo and
    Max H. Farrell},
  journal =       {Journal of the American Statistical Association},
  number =        {522},
  pages =         {767--779},
  title =         {On the Effect of Bias Estimation on Coverage Accuracy
    in Nonparametric Inference},
  volume =        {113},
  year =          {2018},
}

@article{Calonico-Cattaneo-Farrell_2022_Bernoulli,
  author =        {Calonico, Sebastian and Matias D. Cattaneo and
    Max H. Farrell},
  journal =       {Bernoulli},
  volume  =       {28},
  number =        {4},
  pages =         {2998--3022},
  title =         {Coverage Error Optimal Confidence Intervals for Local
    Polynomial Regression},
  year =          {2022},
}

@article{Chernozhukov-Chetverikov-Kato_2017_AoP,
  author =        {Chernozhukov, Victor and Chetverikov, Denis and
    Kato, Kengo},
  journal =       {The Annals of Probability},
  number =        {4},
  pages =         {2309--2352},
  publisher =     {Institute of Mathematical Statistics},
  title =         {Central Limit Theorems and Bootstrap in High
    Dimensions},
  volume =        {45},
  year =          {2017},
}

@article{MatsushitaOtsu2021,
  author =        {Matsushita, Yukitoshi and Otsu, Taisuke},
  journal =       {Biometrika},
  number =        {3},
  pages =         {661--674},
  title =         {Jackknife empirical likelihood: small bandwidth,
    sparse network and high-dimensional asymptotics},
  volume =        {108},
  year =          {2021},
}

@article{aldous1981representations,
  author =        {Aldous, David J},
  journal =       {Journal of Multivariate Analysis},
  number =        {4},
  pages =         {581--598},
  publisher =     {Elsevier},
  title =         {Representations for partially exchangeable arrays of
    random variables},
  volume =        {11},
  year =          {1981},
}

@article{arcones1995bernstein,
  author =        {Arcones, Miguel A},
  journal =       {Statistics \& Probability Letters},
  number =        {3},
  pages =         {239--247},
  publisher =     {Elsevier},
  title =         {A {Bernstein}-type inequality for {U}-statistics and
      {U}-processes},
  volume =        {22},
  year =          {1995},
}

@article{belloni2019conditional,
  author =        {Belloni, Alexandre and Chernozhukov, Victor and
    Chetverikov, Denis and Fern{\'a}ndez-Val, Iv{\'a}n},
  journal =       {Journal of Econometrics},
  number =        {1},
  pages =         {4--29},
  publisher =     {Elsevier},
  title =         {Conditional quantile processes based on series or
    many regressors},
  volume =        {213},
  year =          {2019},
}

@book{bhatia1997matrix,
  author =        {Bhatia, Rajendra},
  publisher =     {Springer, New York, NY},
  title =         {Matrix Analysis},
  volume =        {169},
  year =          {1997},
}

@article{bickel2009nonparametric,
author =        {Bickel, Peter J and Chen, Aiyou},
journal =       {Proceedings of the National Academy of Sciences},
number =        {50},
pages =         {21068--21073},
publisher =     {National Academy of Sciences},
title =         {A nonparametric view of network models and
  {Newman}--{Girvan} and other modularities},
volume =        {106},
year =          {2009},
}

@article{bickel2011method,
  author =        {Bickel, Peter J and Chen, Aiyou and
    Levina, Elizaveta},
  journal =       {The Annals of Statistics},
  number =        {5},
  pages =         {2280--2301},
  publisher =     {Institute of Mathematical Statistics},
  title =         {The method of moments and degree distributions for
    network models},
  volume =        {39},
  year =          {2011},
}

@article{birge2001alternative,
  author =        {Birg{\'e}, Lucien},
  journal =       {Lecture Notes -- Monograph Series},
  pages =         {113--133},
  publisher =     {Institute of Mathematical Statistics},
  title =         {An alternative point of view on {Lepski}'s method},
  volume =        {36},
  year =          {2001},
}

@article{chen2020jackknife,
  author =        {Chen, Xiaohui and Kato, Kengo},
  journal =       {Probability Theory and Related Fields},
  number =        {3},
  pages =         {1097--1163},
  publisher =     {Springer},
  title =         {Jackknife multiplier bootstrap: finite sample
    approximations to the {U}-process supremum with
    applications},
  volume =        {176},
  year =          {2020},
}

@article{chernozhukov2013gaussian,
  author =        {Chernozhukov, Victor and Chetverikov, Denis and
    Kato, Kengo and others},
  journal =       {The Annals of Statistics},
  number =        {6},
  pages =         {2786--2819},
  publisher =     {Institute of Mathematical Statistics},
  title =         {Gaussian approximations and multiplier bootstrap for
    maxima of sums of high-dimensional random vectors},
  volume =        {41},
  year =          {2013},
}

@article{chernozhukov2014anti,
  author =        {Chernozhukov, Victor and Chetverikov, Denis and
    Kato, Kengo and others},
  journal =       {The Annals of Statistics},
  number =        {5},
  pages =         {1787--1818},
  publisher =     {Institute of Mathematical Statistics},
  title =         {Anti-concentration and honest, adaptive confidence
    bands},
  volume =        {42},
  year =          {2014},
}

@article{chernozhukov2014gaussian,
  author =        {Chernozhukov, Victor and Chetverikov, Denis and
    Kato, Kengo and others},
  journal =       {The Annals of Statistics},
  number =        {4},
  pages =         {1564--1597},
  publisher =     {Institute of Mathematical Statistics},
  title =         {Gaussian approximation of suprema of empirical
    processes},
  volume =        {42},
  year =          {2014},
}

@article{de1995decoupling,
  author =        {de la Pe{\~n}a, Victor H and
    Montgomery-Smith, Stephen J},
  journal =       {The Annals of Probability},
  number =        {2},
  pages =         {806--816},
  publisher =     {Institute of Mathematical Statistics},
  title =         {Decoupling inequalities for the tail probabilities of
    multivariate {U}-statistics},
  volume =        {23},
  year =          {1995},
}

@article{chiang2020empirical,
  title={Empirical likelihood and uniform convergence rates
    for dyadic kernel density estimation},
  author={Harold D. Chiang and Bing Yang Tan},
  journal={Journal of Business and Economic Statistics},
  volume={41},
  number={3},
  pages={906--914},
  year={2023},
  publisher={Taylor \& Francis}
}

@article{chiang2022inference,
  author =        {Harold D. Chiang and Kengo Kato and Yuya Sasaki},
  journal =       {Journal of the American Statistical Association},
  title =         {Inference for High-Dimensional Exchangeable Arrays},
  volume = {118},
  number = {543},
  pages = {1595--1605},
  year = {2023},
  publisher = {Taylor \& Francis},
  doi = {10.1080/01621459.2021.2000868},
}

@article{davezies2021exchangeable,
author =        {Laurent Davezies and Xavier D'Haultf{\oe}uille
and Yannick Guyonvarch},
journal =       {The Annals of Statistics},
number =        {2},
pages =         {845--862},
publisher =     {Institute of Mathematical Statistics},
title =         {{Empirical process results for exchangeable arrays}},
volume =        {49},
year =          {2021},
doi =           {10.1214/20-AOS1981},
url =           {https://doi.org/10.1214/20-AOS1981},
}

@book{dudley1999uniform,
  author =        {Dudley, R. M.},
  publisher =     {Cambridge University Press},
  series =        {Cambridge Studies in Advanced Mathematics},
  title =         {Uniform Central Limit Theorems},
  year =          {1999},
}

@article{gao2015rate,
  author =        {Gao, Chao and Lu, Yu and Zhou, Harrison H},
  journal =       {The Annals of Statistics},
  number =        {6},
  pages =         {2624--2652},
  publisher =     {Institute of Mathematical Statistics},
  title =         {Rate-optimal graphon estimation},
  volume =        {43},
  year =          {2015},
}

@article{gao2021minimax,
  author =        {Gao, Chao and Ma, Zongming},
  journal =       {Statistical Science},
  number =        {1},
  pages =         {16--33},
  publisher =     {Institute of Mathematical Statistics},
  title =         {Minimax rates in network analysis: Graphon
    estimation, community detection and hypothesis
    testing},
  volume =        {36},
  year =          {2021},
}

@incollection{gine2000exponential,
  author =        {Gin{\'e}, Evarist and Lata{\l}a, Rafa{\l} and
    Zinn, Joel},
  booktitle =     {High Dimensional Probability II},
  pages =         {13--38},
  publisher =     {Birkh{\"a}user, Boston, MA},
  title =         {Exponential and moment inequalities for
      {U}-statistics},
  year =          {2000},
}

@article{gine2004kernel,
  author =        {Gin{\'e}, Evarist and Koltchinskii, Vladimir and
    Sakhanenko, Lyudmila},
  journal =       {Probability Theory and Related Fields},
  number =        {2},
  pages =         {167--198},
  publisher =     {Springer},
  title =         {Kernel density estimators: convergence in
    distribution for weighted sup-norms},
  volume =        {130},
  year =          {2004},
}

@book{gine2021mathematical,
  author =        {Gin{\'e}, Evarist and Nickl, Richard},
  publisher =     {Cambridge University Press},
  series =        {Cambridge Series in Statistical and Probabilistic
    Mathematics},
  title =         {Mathematical Foundations of Infinite-Dimensional
    Statistical Models},
  year =          {2021},
}

@article{gine2010confidence,
  author =        {Gin{\'e}, Evarist and Nickl, Richard},
  journal =       {The Annals of Statistics},
  number =        {2},
  pages =         {1122--1170},
  publisher =     {Institute of Mathematical Statistics},
  title =         {Confidence bands in density estimation},
  volume =        {38},
  year =          {2010},
}

@article{graham2022kernel,
  title={Kernel density estimation for undirected dyadic data},
  author={Graham, Bryan S and Niu, Fengshi and Powell, James L},
  journal={Journal of Econometrics},
  year={2023},
  note={forthcoming},
}

@incollection{graham2020network,
  author =        {Graham, Bryan S},
  booktitle =     {Handbook of Econometrics},
  pages =         {111--218},
  publisher =     {Elsevier},
  title =         {Network data},
  volume =        {7},
  year =          {2020},
}

@techreport{graham2021dyadicregression,
  author =        {Graham, Bryan S and Niu, Fengshi and Powell, James L},
  institution =   {National Bureau of Economic Research},
  title =         {Minimax Risk and Uniform Convergence Rates for
    Nonparametric Dyadic Regression},
  year =          {2021},
}

@article{hall1992effect,
  author =        {Hall, Peter},
  journal =       {The Annals of Statistics},
  volume = {20},
  number = {2},
  pages =         {675--694},
  publisher =     {Institute of Mathematical Statistics},
  title =         {Effect of bias estimation on coverage accuracy of
    bootstrap confidence intervals for a probability
    density},
  year =          {1992},
}

@article{hall2001bootstrapping,
  author =        {Hall, Peter and Kang, Kee-Hoon},
  journal =       {The Annals of Statistics},
  number =        {5},
  pages =         {1443--1468},
  publisher =     {Institute of Mathematical Statistics},
  title =         {Bootstrapping nonparametric density estimators with
    empirically chosen bandwidths},
  volume =        {29},
  year =          {2001},
}

@article{hoover1979relations,
  author =        {Hoover, Douglas N},
  journal =       {Preprint, Institute for Advanced Study, Princeton,
    NJ},
  title =         {Relations on probability spaces and arrays of random
    variables},
  year =          {1979},
}

@article{khasminskii1978lower,
  author =        {Khasminskii, Rafail Z},
  journal =       {Theory of Probability and its Applications},
  number =        {4},
  pages =         {794--798},
  publisher =     {SIAM Publications 3600 University City Science
    Center, Philadelphia, PA 19104-2688},
  title =         {A lower bound on the risks of nonparametric estimates
    of densities in the uniform metric},
  volume =        {23},
  year =          {1978},
}

@book{kolaczyk2009statistical,
  author = {Kolaczyk, Eric D},
  year = {2009},
  title = {Statistical Analysis of Network Data: Methods and Models},
  series = {Springer Series in Statistics},
  isbn = {978-0-387-88145-4},
  publisher={Springer, New York},
  doi = {10.1007/978-0-387-88146-1}
}

@book{kenny2020dyadic,
  title={Dyadic Data Analysis},
  author={Kenny, David A and Kashy, Deborah A and Cook, William L},
  year={2020},
  publisher={Guilford Publications}
}

@article{komlos1975approximation,
author =        {Koml{\'o}s, J{\'a}nos and Major, P{\'e}ter and
  Tusn{\'a}dy, G{\'a}bor},
journal =       {Zeitschrift f{\"u}r Wahrscheinlichkeitstheorie und
  verwandte Gebiete},
number =        {1-2},
pages =         {111--131},
publisher =     {Springer},
title =         {An approximation of partial sums of independent
  {RV}s, and the sample {DF}. {I}},
volume =        {32},
year =          {1975},
}

@article{kwapien1991hypercontraction,
  author =        {Kwapien, Stanislaw and Szulga, Jerzy and others},
  journal =       {The Annals of Probability},
  number =        {1},
  pages =         {369--379},
  publisher =     {Institute of Mathematical Statistics},
  title =         {Hypercontraction methods in moment inequalities for
    series of independent random variables in normed
    spaces},
  volume =        {19},
  year =          {1991},
}

@incollection{laurent2005semidefinite,
  author =        {Monique Laurent and Franz Rendl},
  booktitle =     {Discrete Optimization},
  pages =         {393--514},
  publisher =     {Elsevier},
  series =        {Handbooks in Operations Research and Management
    Science},
  title =         {Semidefinite Programming and Integer Programming},
  volume =        {12},
  year =          {2005},
  issn =          {0927-0507},
}

@book{ledoux1991probability,
  author =        {Ledoux, Michel and Talagrand, Michel},
  publisher =     {Springer, Berlin, Heidelberg},
  title =         {Probability in Banach Spaces},
  year =          {1991},
}

@book{legall2016brownian,
author =        {Le Gall, Jean-Fran{\c{c}}ois},
publisher =     {Springer, Berlin, Heidelberg},
title =         {Brownian Motion, Martingales, and Stochastic
  Calculus},
volume =        {274},
year =          {2016},
}

@article{lepskii1992asymptotically,
  author =        {Lepskii, O V},
  journal =       {Theory of Probability \& its Applications},
  number =        {4},
  pages =         {682--697},
  publisher =     {SIAM},
  title =         {Asymptotically minimax adaptive estimation. {I}:
    Upper bounds. Optimally adaptive estimates},
  volume =        {36},
  year =          {1992},
}

@article{luke2007network,
  title={Network analysis in public health: history, methods, and applications},
  author={Luke, Douglas A and Harris, Jenine K},
  journal={Annual Review of Public Health},
  volume={28},
  pages={69--93},
  year={2007},
  publisher={Annual Reviews}
}

@article{minsker2019moment,
author =        {Minsker, Stanislav and Wei, Xiaohan},
journal =       {Electronic Journal of Probability},
number =        {133},
pages =         {1--32},
publisher =     {The Institute of Mathematical Statistics and the
  Bernoulli Society},
title =         {Moment inequalities for matrix-valued {U}-statistics
of order 2},
volume =        {24},
year =          {2019},
}

@manual{mosek,
  author =        {MOSEK ApS},
  title =         {The {MOSEK} {Optimizer} {API} for {C} manual. Version
    9.3},
  year =          {2021},
  url =           {https://docs.mosek.com/9.3/capi/index.html},
}

@book{royden1988real,
  author =        {Royden, Halsey Lawrence and Fitzpatrick, Patrick},
  publisher =     {Macmillan, New York},
  title =         {Real Analysis},
  volume =        {32},
  year =          {1988},
}

@book{simonoff2012smoothing,
  title={Smoothing methods in statistics},
  author={Simonoff, Jeffrey S},
  year={2012},
  publisher={Springer Science \& Business Media}
}

@article{pensky2019dynamic,
  author =        {Pensky, Marianna},
  journal =       {The Annals of Statistics},
  number =        {4},
  pages =         {2378--2403},
  publisher =     {Institute of Mathematical Statistics},
  title =         {Dynamic network models and graphon estimation},
  volume =        {47},
  year =          {2019},
}

@book{pollard2002user,
  author =        {Pollard, David},
  publisher =     {Cambridge University Press},
  title =         {A User's Guide to Measure Theoretic Probability},
  year =          {2002},
}

@book{van2000asymptotic,
  title={Asymptotic Statistics},
  author={van der Vaart, Aad Willem},
  year={1998},
  publisher={Cambridge University Press}
}

@book{van1996weak,
  author =        {van der Vaart, Aad Willem and Wellner, Jon August},
  publisher =     {Springer, New York, NY},
  series =        {Springer Series in Statistics},
  title =         {Weak Convergence and Empirical Processes},
  year =          {1996},
}

@book{wand1994kernel,
  author =        {Wand, Matt P and Jones, M Chris},
  publisher =     {CRC Press},
  title =         {Kernel Smoothing},
  year =          {1994},
}

@article{yurinskii1978error,
  author =        {Yurinskii, Vadim Vladimirovich},
  journal =       {Theory of Probability \& its Applications},
  number =        {2},
  pages =         {236--247},
  publisher =     {SIAM},
  title =         {On the error of the {Gaussian} approximation for
    convolutions},
  volume =        {22},
  year =          {1978},
}

@incollection{head2014gravity,
  title={Gravity equations: Workhorse, toolkit, and cookbook},
  author={Head, Keith and Mayer, Thierry},
  booktitle={Handbook of International Economics},
  volume={4},
  pages={131--195},
  year={2014},
  publisher={Elsevier}
}

@article{dinardo1996distribution,
  title={Labor Market Institutions and the Distribution of Wages, 1973--1992:
    A Semiparametric Approach},
  author={John DiNardo and Nicole M Fortin and Thomas Lemieux},
  journal={Econometrica},
  volume={64},
  number={5},
  pages={1001--1004},
  year={1996}
}

@article{chernozhukov2013inference,
  title={Inference on counterfactual distributions},
  author={Chernozhukov, Victor and
    Fern{\'a}ndez-Val, Iv{\'a}n and Melly, Blaise},
  journal={Econometrica},
  volume={81},
  number={6},
  pages={2205--2268},
  year={2013},
  publisher={Wiley Online Library}
}
